@misc{csgwiki,
title = {{Constructive solid geometry - Wikipedia}},
url = {https://en.wikipedia.org/wiki/Constructive_solid_geometry},
urldate = {2021-01-10},
year = 2021
}
@misc{sympy,
author = {SymPy Developers},
title = {{SymPy}},
url = {https://www.sympy.org/en/index.html},
urldate = {2021-01-10},
year = 2021
}
@misc{kintel,
author = {Kintel, Marius},
keywords = {Maintainer},
title = {{OpenSCAD - The Programmers Solid 3D CAD Modeller}},
url = {https://www.openscad.org/},
urldate = {2021-01-10},
year = 2021
}
@misc{blackr,
author = {Black, Roie},
title = {{Math Magik LPP}},
url = {https://rblack42.github.io/math-magik-lpp/},
urldate = {2021-01-10},
year = 2021
}
@misc{numpystl,
autthor = {NumPy Developers},
title = {{numpy-stl {\textperiodcentered} PyPI}},
url = {https://pypi.org/project/numpy-stl/},
urldate = {2021-01-12},
year = 2021
}
@misc{stlwiki,
author = {Wikipedia Authors},
title = {{STL (file format) - Wikipedia}},
url = {https://en.wikipedia.org/wiki/STL_(file_format)},
urldate = {2021-01-12},
year = 2021
}
