@misc{osccheat,
title = {{OpenSCAD CheatSheet}},
url = {https://www.openscad.org/cheatsheet/},
urldate = {2021-01-15}
}
