@misc{openscad,
author = {Kintel, Marius},
keywords = {Maintainer},
title = {{OpenSCAD - The Programmers Solid 3D CAD Modeller}},
url = {https://www.openscad.org/},
urldate = {2021-01-10},
year = 2021
}
@misc{sympy,
author = {Developers, SymPy},
title = {{SymPy}},
url = {https://www.sympy.org/en/index.html},
year = {2021}
}
@misc{scadmanual,
author = {Developers, OpenSCAD},
title = {{OpenSCAD User Manual - Wikibooks, open books for an open world}},
url = {https://en.wikibooks.org/wiki/OpenSCAD{\_}User{\_}Manual},
urldate = {2021-01-13},
year = 2021
}
@misc{Blackr,
author = {Black, Roie},
title = {{Math Magik LPP}},
url = {https://rblack42.github.io/math-magik-lpp/},
urldate = {2021-01-10},
year = 2021
}
@misc{csgwiki,
title = {{Constructive solid geometry - Wikipedia}},
url = {https://en.wikipedia.org/wiki/Constructive{\_}solid{\_}geometry},
urldate = {2021-01-10},
year = 2021
}
@misc{numpystl,
title = {{numpy-stl {\textperiodcentered} PyPI}},
url = {https://pypi.org/project/numpy-stl/},
urldate = {2021-01-12},
year = 2021
}
@misc{stlwiki,
title = {{STL (file format) - Wikipedia}},
url = {https://en.wikipedia.org/wiki/STL{\_}(file{\_}format)},
urldate = {2021-01-12},
year = 2021
}
@book{williams,
	author = {Ron Williams},
	date-added = {2021-01-02 07:11:54 -0600},
	date-modified = {2021-01-02 07:17:35 -0600},
	isbn = {978-0-615-20203-7},
	publisher = {Ron Williams},
	rating = {4},
	title = {Building \& Flying Indoor Model Airplanes},
	year = {2008}
}
@misc{osccheat,
title = {{OpenSCAD CheatSheet}},
url = {https://www.openscad.org/cheatsheet/},
urldate = {2021-01-15},
year = 2021
}

